@article{oseledets2011tt,
  title={Tensor-train decomposition},
  author={Oseledets, Ivan V.},
  journal={SIAM Journal on Scientific Computing},
  volume={33},
  number={5},
  pages={2295--2317},
  year={2011},
  publisher={SIAM}
}
@article{oseledetstyrty2009,
  title={Breaking the curse of dimensionality, or how to use SVD in many dimensions},
  author={Oseledets, Ivan V. and Tyrtyshnikov, Eugene E.},
  journal={SIAM Journal on Scientific Computing},
  volume={31},
  number={5},
  pages={3744--3759},
  year={2009},
  publisher={SIAM}
}
@article{tensorreview,
  title={Tensor decompositions and applications},
  author={Kolda, Tamara G. and Bader, Brett W.},
  journal={SIAM review},
  volume={51},
  number={3},
  pages={455--500},
  year={2009},
  publisher={SIAM}
}
@article{rankNP,
  title={Tensor rank is NP-complete},
  author={H{\aa}stad, Johan},
  journal={Journal of Algorithms},
  volume={11},
  number={4},
  pages={644--654},
  year={1990},
  publisher={Elsevier}
}
@article{SVDbestapprox,
  title={The approximation of one matrix by another of lower rank},
  author={Eckart, Carl and Young, Gale},
  journal={Psychometrika},
  volume={1},
  number={3},
  pages={211--218},
  year={1936},
  publisher={Springer}
}
@article{kolda2001orthogonal,
  title={Orthogonal tensor decompositions},
  author={Kolda, Tamara G.},
  journal={SIAM Journal on Matrix Analysis and Applications},
  volume={23},
  number={1},
  pages={243--255},
  year={2001},
  publisher={SIAM}
}
@article{tt-cross,
  title={TT-cross approximation for multidimensional arrays},
  author={Oseledets, Ivan V. and Tyrtyshnikov, Eugene E.},
  journal={Linear Algebra and its Applications},
  volume={432},
  number={1},
  pages={70--88},
  year={2010},
  publisher={Elsevier}
}	
@article{bini1980approximate,
  title={Approximate solutions for the bilinear form computational problem},
  author={Bini, Dario and Lotti, Grazia and Romani, Francesco},
  journal={SIAM Journal on Computing},
  volume={9},
  number={4},
  pages={692--697},
  year={1980},
  publisher={SIAM}
}
@article{gantmacher1959matrix,
  title={Matrix theory},
  author={Gantmacher, Feliks R.},
  journal={Chelsea, New York},
  volume={21},
  year={1959}
}
@article{goreinov1997theory,
  title={A theory of pseudoskeleton approximations},
  author={Goreinov, Sergei A. and Tyrtyshnikov, Eugene E. and Zamarashkin, Nickolai L.},
  journal={Linear Algebra and its Applications},
  volume={261},
  number={1},
  pages={1--21},
  year={1997},
  publisher={Elsevier}
}
@article{khoromskij2010dmrg+,
  title={DMRG+ QTT approach to computation of the ground state for the molecular Schr{\"o}dinger operator},
  author={Khoromskij, Boris N. and Oseledets, Ivan V.},
  year={2010}
}
@article{khoromskij2011qtt,
  title={QTT approximation of elliptic solution operators in higher dimensions},
  author={Khoromskij, Boris N. and Oseledets, Ivan V.},
  journal={Russian Journal of Numerical Analysis and Mathematical Modelling},
  volume={26},
  number={3},
  pages={303--322},
  year={2011}
}
@article{dolgov2010tensor,
  title={Tensor structured iterative solution of elliptic problems with jumping coefficients},
  author={Dolgov, Sergey V. and Khoromskij, Boris N. and Oseledets, Ivan V. and Tyrtyshnikov, Eugene E.},
  year={2010}
}
@article{oseledets2012solution,
  title={Solution of linear systems and matrix inversion in the TT-format},
  author={Oseledets, Ivan V. and Dolgov, Sergey V.},
  journal={SIAM Journal on Scientific Computing},
  volume={34},
  number={5},
  pages={A2718--A2739},
  year={2012},
  publisher={SIAM}
}
@article{goreinov2001maximal,
  title={The maximal-volume concept in approximation by low-rank matrices},
  author={Goreinov, Sergei A. and Tyrtyshnikov, Eugene E.},
  journal={Contemporary Mathematics},
  volume={280},
  pages={47--52},
  year={2001},
  publisher={Providence, RI; American Mathematical Society; 1999}
}
@article{tyrtyshnikov2000incomplete,
  title={Incomplete cross approximation in the mosaic-skeleton method},
  author={Tyrtyshnikov, Eugene E.},
  journal={Computing},
  volume={64},
  number={4},
  pages={367--380},
  year={2000},
  publisher={Springer}
}
@article{bebendorf2000approximation,
  title={Approximation of boundary element matrices},
  author={Bebendorf, Mario},
  journal={Numerische Mathematik},
  volume={86},
  number={4},
  pages={565--589},
  year={2000},
  publisher={Springer}
}
@article{goreinov2010find,
  title={How to find a good submatrix},
  author={Goreinov, Sergei A. and Oseledets, Ivan V. and Savostyanov, Dmitry V. and Tyrtyshnikov, Eugene E. and Zamarashkin, Nickolai L.},
  journal={Matrix Methods: Theory, Algorithms, Applications, V. Olshevsky and E. Tyrtyshnikov, eds., World Scientific, Hackensack, NY},
  pages={247--256},
  year={2010}
}
@article{kruskalstatement,
  title={Statement of some current results about three-way arrays, 1983},
  author={Kruskal, Joseph B.},
  journal={Unpublished manuscript, AT\&T Bell Labs, Murray Hill, NC. Pdf available from http://three-mode.leidenuniv.nl}
}
@article{kruskal1989rank,
  title={RANK, DECOMPOSITION, AND UNIQUENESS FOR 3-WAY AND iV-WAY ARRAYS},
  author={Kruskal, Joseph B.},
  journal={Unpublished manuscript, AT\&T Bell Labs, Murray Hill, NC. Pdf available from http://www.psychology.uwo.ca/faculty/harshman/jbkrank.pdf}
}
@article{ten1991kruskal,
  title={Kruskal's polynomial for 2$\times$2$\times$2 arrays and a generalization to 2$\times$n$\times$n arrays},
  author={Ten Berge, Jos M.F.},
  journal={Psychometrika},
  volume={56},
  number={4},
  pages={631--636},
  year={1991},
  publisher={Springer}
}
